@BOOK{tanenbaum,
    author = "Andrew S. Tanenbaum",
    title = "Redes de Computadores",
    publisher = "Elsevier",
    edition = "4a.",
    year = 2003}

@BOOK{tanenbaum:1,
    author = "Andrew S. Tanenbaum",
    title = "Sistemas Operacionais Modernos",
    publisher = "Pearson",
    edition = "2a.",
    year = 2003}

@BOOK{oliveira:1,
    author = "Breno Guimarães de Oliveira",
    title = "Usando o GNU Privacy Guard (GnuPG)",
    publisher = "GRIS --- UFRJ",
    edition = "1a.",
    year = 2004}

@BOOK{oliveira:2,
    author = "Breno Guimarães de Oliveira",
    title = "Fundamentos da Criptologia: Parte I --- Introdução e Histórias",
    publisher = "GRIS --- UFRJ",
    edition = "1a.",
    year = 2005}

@BOOK{oliveira:3,
    author = "Breno Guimarães de Oliveira",
    title = "Fundamentos da Criptologia: Parte II --- Criptografia Simétrica",
    publisher = "GRIS --- UFRJ",
    edition = "1a.",
    year = 2005}

@BOOK{oliveira:4,
    author = "Breno Guimarães de Oliveira",
    title = "Fundamentos da Criptologia: Parte II --- Criptografia Simétrica (Continuação)",
    publisher = "GRIS --- UFRJ",
    edition = "1a.",
    year = 2005}

@BOOK{escobar,
    author = "Thiago Gonçalves Escobar",
    title = "Criptografia: O que é, porque utilizar e quais suas fragilidades?",
    publisher = "GRIS --- UFRJ",
    edition = "1a.",
    year = 2010}

@MISC{gnupg:man,
    author = "GNU Privacy Guard Team",
    title = "GNU Privacy Guard Manual Page",
    year = 2013}

@CONFERENCE{gnupg:hp,
    author = "GNU Privacy Guard Team",
    title = "GNU Privacy Guard Home Page",
    howpublished = "Internet",
    note = "Acesso em 2 de julho de 2013",
    address = "www.gnupg.org",
    year = 2013}

@MISC{john,
    author = "John the Ripper Team",
    title = "John the Ripper README files",
    year = 2013}

@BOOK{uchoa,
    author = "Joaquim Quinteiro Uchôa",
    title = "Segurança Computacional",
    year = 2005,
    publisher = "UFLA/FAEPE",
    edition = "2a."}
